@inproceedings{wan2018,
  author    = {Wan, Mengting and McAuley, Julian},
  title     = {Item Recommendation on Monotonic Behavior Chains},
  booktitle = {Proceedings of the 12th ACM Conference on Recommender Systems},
  series    = {RecSys '18},
  pages     = {86--94},
  year      = {2018},
  publisher = {Association for Computing Machinery},
  doi       = {10.1145/3240323.3240369}
}

@inproceedings{wan2019,
  author    = {Wan, Mengting and Misra, Rishabh and Nakashole, Ndapa and McAuley, Julian},
  title     = {Fine-Grained Spoiler Detection from Large-Scale Review Corpora},
  booktitle = {Proceedings of the 57th Annual Meeting of the Association for Computational Linguistics},
  pages     = {2605--2610},
  year      = {2019},
  doi       = {10.18653/v1/P19-1248}
}

@article{monika2023,
  author    = {Monika, L. and Chooralil, V.S.},
  title     = {Sentiment Analysis: A Survey on Design Framework, Applications and Future Scopes},
  journal   = {Artificial Intelligence Review},
  volume    = {56},
  pages     = {12505--12560},
  year      = {2023},
  doi       = {10.1007/s10462-023-10442-2}
}

@book{reagle2015,
  author    = {Reagle, Joseph M.},
  title     = {Reading the Comments: Likers, Haters, and Manipulators at the Bottom of the Web},
  publisher = {MIT Press},
  year      = {2015}
}

@book{barekat2017,
  author    = {Barekat, Houman and Barry, Robert and Winters, David},
  title     = {The Digital Critic: Literary Culture Online},
  publisher = {OR Books},
  year      = {2017},
  address   = {New York}
}